@InProceedings{Honda:1998,
  author={Kohei Honda and Vasco T. Vasconcelos and Makoto Kubo},
  editor={Hankin, Chris},
  title={Language primitives and type discipline for structured communication-based programming},
  booktitle={Programming Languages and Systems},
  year={1998},
  publisher={Springer Berlin Heidelberg},
  address={Berlin, Heidelberg},
  pages={122--138},
}

@article{Yoshida:2007,
  title = {Language Primitives and Type Discipline for Structured Communication-Based Programming Revisited: Two Systems for Higher-Order Session Communication},
  journal = {Electronic Notes in Theoretical Computer Science},
  volume = {171},
  number = {4},
  pages = {73 - 93},
  year = {2007},
  note = {Proceedings of the First International Workshop on Security and Rewriting Techniques (SecReT 2006)},
  author = {Nobuko Yoshida and Vasco T. Vasconcelos},
  keywords = {Pi-Calculus, Session Types, Protocol Analysis, Subject Reduction Theorem, Type Safety, Rewriting System}
}

@article{gay2005subtyping,
  title={{Subtyping for Session Types in the Pi Calculus}},
  author={Gay, Simon and Hole, Malcolm},
  journal={Acta Informatica},
  volume={42},
  number={2},
  pages={191--225},
  year={2005},
  publisher={Springer}
}
